@article{xu2012fit,
  title={Fit and diverse: set evolution for inspiring 3D shape galleries},
  author={Xu, Kai and Zhang, Hao and Cohen-Or, Daniel and Chen, Baoquan},
  journal={ACM Transactions on Graphics (TOG)},
  volume={31},
  number={4},
  pages={57},
  year={2012},
  publisher={ACM}
}

@inproceedings{xu2010style,
  title={Style-content separation by anisotropic part scales},
  author={Xu, Kai and Li, Honghua and Zhang, Hao and Cohen-Or, Daniel and Xiong, Yueshan and Cheng, Zhi-Quan},
  booktitle={ACM Transactions on Graphics (TOG)},
  volume={29},
  number={6},
  pages={184},
  year={2010},
  organization={ACM}
}

@article{van2013co,
  title={Co-hierarchical analysis of shape structures},
  author={Van Kaick, Oliver and Xu, Kai and Zhang, Hao and Wang, Yanzhen and Sun, Shuyang and Shamir, Ariel and Cohen-Or, Daniel},
  journal={ACM Transactions on Graphics (TOG)},
  volume={32},
  number={4},
  pages={69},
  year={2013},
  publisher={ACM}
}

@inproceedings{wang2011symmetry,
  title={Symmetry hierarchy of man-made objects},
  author={Wang, Yanzhen and Xu, Kai and Li, Jun and Zhang, Hao and Shamir, Ariel and Liu, Ligang and Cheng, Zhiquan and Xiong, Yueshan},
  booktitle={Computer Graphics Forum},
  volume={30},
  number={2},
  pages={287--296},
  year={2011},
  organization={Wiley Online Library}
}

@inproceedings{xu2017data,
  title={Data-driven shape analysis and processing},
  author={Xu, Kai and Kim, Vladimir G and Huang, Qixing and Kalogerakis, Evangelos},
  booktitle={Computer Graphics Forum},
  volume={36},
  number={1},
  pages={101--132},
  year={2017},
  organization={Wiley Online Library}
}

@article{li2017grass,
  title={Grass: Generative recursive autoencoders for shape structures},
  author={Li, Jun and Xu, Kai and Chaudhuri, Siddhartha and Yumer, Ersin and Zhang, Hao and Guibas, Leonidas},
  journal={ACM Transactions on Graphics (TOG)},
  volume={36},
  number={4},
  pages={52},
  year={2017},
  publisher={ACM}
}

@article{zhu2018scores,
    title = {SCORES: Shape Composition with Recursive Substructure Priors},
    author = {Chenyang Zhu and Kai Xu and Siddhartha Chaudhuri and Renjiao Yi and Hao Zhang},
    journal = {ACM Transactions on Graphics (SIGGRAPH Asia 2018)},
    volume = {37},
    number = {6},
    pages = {Article 211},
    year = {2018}
}

@article{li2018grains,
  title={GRAINS: Generative Recursive Autoencoders for INdoor Scenes},
  author={Li, Manyi and Patil, Akshay Gadi and Xu, Kai and Chaudhuri, Siddhartha and Khan, Owais and Shamir, Ariel and Tu, Changhe and Chen, Baoquan and Cohen-Or, Daniel and Zhang, Hao},
  journal={arXiv preprint arXiv:1807.09193},
  year={2018}
}

@inproceedings{xu2016data,
  title={Data-driven shape analysis and processing},
  author={Xu, Kai and Kim, Vladimir G and Huang, Qixing and Mitra, Niloy and Kalogerakis, Evangelos},
  booktitle={SIGGRAPH ASIA 2016 Courses},
  pages={4},
  year={2016},
  organization={ACM}
}

@inproceedings{xu2011photo,
  title={Photo-inspired model-driven 3D object modeling},
  author={Xu, Kai and Zheng, Hanlin and Zhang, Hao and Cohen-Or, Daniel and Liu, Ligang and Xiong, Yueshan},
  booktitle={ACM Transactions on Graphics (TOG)},
  volume={30},
  number={4},
  pages={80},
  year={2011},
  organization={ACM}
}

@inproceedings{SceneSynth,
	Author = {Matthew Fisher and Daniel Ritchie and Manolis Savva and Thomas Funkhouser and Pat Hanrahan},
	Booktitle = {SIGGRAPH Asia 2012},
	Title = {Example-based Synthesis of {3D} Object Arrangements},
	year = {2012}
	}
	
@inproceedings{DeepSynthSIGGRAPH2018,
    title={Deep Convolutional Priors for Indoor Scene Synthesis},
    author={Kai Wang and Manolis Savva and Angel X. Chang and Daniel Ritchie},
    booktitle={SIGGRAPH 2018},
    year = {2018}
}

@inproceedings{GraphicsHMC,
	Author = {Daniel Ritchie and Sharon Lin and Noah D. Goodman and Pat Hanrahan},
	Booktitle = {Eurographics 2015},
	Title = {Generating Design Suggestions under Tight Constraints with Gradient-based Probabilistic Programming},
	year = {2015}
}

@inproceedings{SOSMC,
  Author = {Ritchie, Daniel and Mildenhall, Ben and Goodman, Noah D. and Hanrahan, Pat},
  Booktitle = {SIGGRAPH 2015},
  Title = {Controlling Procedural Modeling Programs with Stochastically-Ordered Sequential {Monte Carlo}},
  year = {2015}
}

@inproceedings{NGPM,
  author = {Daniel Ritchie and Anna Thomas and Pat Hanrahan and Noah D. Goodman},
  title = {Neurally-Guided Procedural Models: Amortized Inference for Procedural Graphics Programs using Neural Networks},
  booktitle = {NIPS 2016},
  year = {2016}
}

@inproceedings{ProcmodLearn,
  author = {Daniel Ritchie and Sarah Jobalia and Anna Thomas},
  title = {Example-based Authoring of Procedural Modeling Programs with Structural and Continuous Variability},
  booktitle = {Eurographics 2018},
  year = {2018}
}

@inproceedings{TikzPaper,
  title = {Learning to Infer Graphics Programs from Hand-Drawn Images},
  author = {Kevin Ellis and Daniel Ritchie and Armando Solar-Lezama and Joshua B. Tenenbaum},
  booktitle = {NIPS 2018},
  year = {2018}
}

@inproceedings{zhu2018scores,
  author = {Chenyang Zhu and Kai Xu and Siddhartha Chaudhuri and Renjiao Yi and Hao Zhang},
  title = {{SCORES}: Shape Composition with Recursive Substructure Priors},
  booktitle = {SIGGRAPH Asia},
  year = {2018}
}

@inproceedings{li2017grass,
	title={{GRASS}: Generative recursive autoencoders for shape structures},
	author={Li, Jun and Xu, Kai and Chaudhuri, Siddhartha and Yumer, Ersin and Zhang, Hao and Guibas, Leonidas},
	booktitle={SIGGRAPH},
	year={2017},
}

@article{Li2018,
 author = {Manyi Li and Akshay {Gadi Patil} and Kai Xu and Siddhartha Chaudhuri and Owais Khan and Ariel Shamir and Changhe Tu and Baoquan Chen and Daniel {Cohen-Or} and Hao (Richard) Zhang},
 title = {{GRAINS}: Generative Recursive Autoencoders for INdoor Scenes},
 journal = {ACM Transactions on Graphics {\em (conditionally accepted with minor revisions)}},
 year = {2018},
}

@article{Sung2017,
 author = {Minhyuk Sung and Hao Su and Vladimir G. Kim and Siddhartha Chaudhuri and Leonidas Guibas},
 title = {{ComplementMe}: Weakly-Supervised Component Suggestion for {3D} Modeling},
 journal = {ACM Transactions on Graphics (Proc. SIGGRAPH Asia)},
 volume = {36},
 number = {6},
 year = {2017},
}

@article{Yumer2015,
 author = {M. Ersin Yumer and Siddhartha Chaudhuri and Jessica K. Hodgins and Levent Burak Kara},
 title = {Semantic Shape Editing Using Deformation Handles},
 journal = {ACM Transactions on Graphics (Proc. SIGGRAPH)},
 volume = {34},
 number = {4},
 year = {2015},
}

@article{Kim2013,
 author = {Vladimir G. Kim and Wilmot Li and Niloy J. Mitra and Siddhartha Chaudhuri and Stephen DiVerdi and Thomas A. Funkhouser},
 title = {Learning Part-Based Templates from Large Collections of {3D} Shapes},
 journal = {ACM Transactions on Graphics (Proc. SIGGRAPH)},
 volume = {32},
 number = {4},
 year = {2013},
}

@inproceedings{Chaudhuri2013,
 author = {Siddhartha Chaudhuri and Evangelos Kalogerakis and Stephen Giguere and Thomas A. Funkhouser},
 title = {{AttribIt}: Content Creation with Semantic Attributes},
 booktitle = {Proc. UIST},
 year = {2013},
}

@article{Kalogerakis2012,
 author = {Evangelos Kalogerakis and Siddhartha Chaudhuri and Daphne Koller and Vladlen Koltun},
 title = {A Probabilistic Model for Component-Based Shape Synthesis},
 journal = {ACM Transactions on Graphics (Proc. SIGGRAPH)},
 volume = {31},
 number = {4},
 year = {2012},
}

@article {ib_siga15,
  author = {Ibraheem Alhashim and Kai Xu and Yixin Zhuang and Junjie Cao and Patricio Simari and Hao Zhang},
  title = {Deformation-Driven Topology-Varying 3D Shape Correspondence},
  journal = {ACM Transactions on Graphics (Special Issue of SIGGRAPH Asia)},
  volume = {34},
  number = {6},
  pages = {Article 236},
  year = {2015}
}

@article {zhu_sig17,
  author = {Chenyang Zhu and Renjiao Yi and Wallace Lira and Ibraheem Alhashim and Kai Xu and Hao Zhang},
  title = {Deformation-Driven Shape Correspondence via Shape Recognition},
  journal = {ACM Transactions on Graphics},
  volume = {36},
  number = {4},
  pages = {Article 51},
  year = {2017}
}

@article {zhu_siga18,
  author = {Chenyang Zhu and Kai Xu and Siddhartha Chaudhuri and Renjiao Yi and Hao Zhang},
  title = {{SCORES}: Shape Composition with Recursive Substructure Priors},
  journal = {ACM Transactions on Graphics},
  volume = {37},
  number = {6},
  pages = {},
  year = {2018}
}

@article {alhashim_sig14,
  author = {Ibraheem Alhashim and Honghua Li and Kai Xu and Junjie Cao and Rui Ma and Hao Zhang},
  title = {Topology-Varying 3D Shape Creation via Structural Blending},
  journal = {ACM Transactions on Graphics (Special Issue of SIGGRAPH)},
  volume = {33},
  number = {4},
  pages = {Article 158},
  year = {2014}
}


@article{Chaudhuri2011,
 author = {Siddhartha Chaudhuri and Evangelos Kalogerakis and Leonidas Guibas and Vladlen Koltun},
 title = {Probabilistic Reasoning for Assembly-Based {3D} Modeling},
 journal = {ACM Transactions on Graphics (Proc. SIGGRAPH)},
 volume = {30},
 number = {4},
 year = {2011},
}

@inproceedings {mitra_star13,
  title = {Structure-aware shape processing},
  author = {Niloy Mitra and Michael Wand and Hao Zhang and Daniel Cohen-Or and Martin Bokeloh},
  booktitle = {Eurographics State-of-the-art Report (STAR)},
  pages = {???--???},
  year = {2013}
}

@article {sidi_siga11,
  title = {Unsupervised Co-Segmentation of a Set of Shapes via Descriptor-Space Spectral Clustering},
  author = {Oana Sidi and Oliver van Kaick and Yanir Kleiman and Hao Zhang and Daniel Cohen-Or},
  journal = {SIGGRAPH Asia},
  volume = {30},
  number = {6},
  pages = {126:1--126:9},
  year = {2011}
}

@article {yu_tog18,
  author = {Fenggen Yu and Yan Zhang and Kai Xu and Hao Zhang},
  title = {Semi-Supervised Co-Analysis of 3D Shape Styles from Projected Lines},
  journal = {ACM Transactions on Graphics},
  volume = {37},
  number = {2},
  pages = {Article 21},
  year = {2018}
}

@article {wang_siga12,
  title = {Active Co-Analysis of a Set of Shapes},
  author = {Yunhai Wang and Shmulik Asafi and Oliver van Kaick and Hao Zhang and Daniel Cohen-Or and Baoquan Chen},
  journal = {ACM Transactions on Graphics (Special Issue of SIGGRAPH Asia)},
  volume = {31},
  number = {6},
  pages = {Article 165},
  year = {2012}
}
